<record><leader>00000cas a22000007a 4500</leader><controlfield tag="001">14223301</controlfield><controlfield tag="008">860916d18321832pauwr ne      0    0eng d</controlfield><datafield ind1=" " ind2=" " tag="010"><subfield code="a">sn 87079912 </subfield></datafield><datafield ind1=" " ind2=" " tag="040"><subfield code="a">NPH</subfield><subfield code="b">eng</subfield><subfield code="c">NPH</subfield><subfield code="d">OCLCQ</subfield></datafield><datafield ind1=" " ind2=" " tag="042"><subfield code="a">msc</subfield></datafield><datafield ind1="0" ind2="0" tag="245"><subfield code="a">Northern Pennsylvanian, and Luzerne and Susquehanna advertiser.</subfield></datafield><datafield ind1="3" ind2="0" tag="246"><subfield code="a">Pennsylvanian</subfield></datafield><datafield ind1=" " ind2=" " tag="260"><subfield code="a">Dundaff, Pa. :</subfield><subfield code="b">Amzi Wilson,</subfield><subfield code="c">1832.</subfield></datafield><datafield ind1=" " ind2=" " tag="300"><subfield code="a">1 v. ;</subfield><subfield code="c">49 cm.</subfield></datafield><datafield ind1=" " ind2=" " tag="310"><subfield code="a">Weekly</subfield></datafield><datafield ind1="0" ind2=" " tag="362"><subfield code="a">Vol. 1, no. 1 (Mar. 30, 1832)-v. 1, no. 21 (Aug. 17, 1832).</subfield></datafield><datafield ind1=" " ind2=" " tag="752"><subfield code="a">United States</subfield><subfield code="b">Pennsylvania</subfield><subfield code="c">Susquehanna</subfield><subfield code="d">Dundaff.</subfield></datafield><datafield ind1="0" ind2="0" tag="785"><subfield code="t">Northern Pennsylvanian (Dundaff, Pa.)</subfield><subfield code="w">(DLC)sn 86054067</subfield></datafield></record>